%YAML 1.1
%TAG !u! tag:unity3d.com,2011:
--- !u!1 &4240151837187387266
GameObject:
  m_ObjectHideFlags: 0
  m_CorrespondingSourceObject: {fileID: 0}
  m_PrefabInstance: {fileID: 0}
  m_PrefabAsset: {fileID: 0}
  serializedVersion: 6
  m_Component:
  - component: {fileID: 2046721174299235593}
  m_Layer: 0
  m_Name: Obstacles1
  m_TagString: Untagged
  m_Icon: {fileID: 0}
  m_NavMeshLayer: 0
  m_StaticEditorFlags: 0
  m_IsActive: 1
--- !u!4 &2046721174299235593
Transform:
  m_ObjectHideFlags: 0
  m_CorrespondingSourceObject: {fileID: 0}
  m_PrefabInstance: {fileID: 0}
  m_PrefabAsset: {fileID: 0}
  m_GameObject: {fileID: 4240151837187387266}
  m_LocalRotation: {x: 0, y: 0, z: 0, w: 1}
  m_LocalPosition: {x: 0, y: 0, z: -0.1}
  m_LocalScale: {x: 1, y: 1, z: 1}
  m_Children:
  - {fileID: 245939090440523902}
  - {fileID: 327119350909878532}
  - {fileID: 7121827906032997268}
  - {fileID: 5630035341547319970}
  - {fileID: 5935754375341082080}
  - {fileID: 1427834556703551800}
  - {fileID: 5325459900485564213}
  - {fileID: 3242912739325144092}
  m_Father: {fileID: 0}
  m_RootOrder: 0
  m_LocalEulerAnglesHint: {x: 0, y: 0, z: 0}
--- !u!1001 &256141466843836476
PrefabInstance:
  m_ObjectHideFlags: 0
  serializedVersion: 2
  m_Modification:
    m_TransformParent: {fileID: 2046721174299235593}
    m_Modifications:
    - target: {fileID: 7014409135218680744, guid: 86548b6b907bc1f448a2b6297bbfd8f3, type: 3}
      propertyPath: m_RootOrder
      value: 2
      objectReference: {fileID: 0}
    - target: {fileID: 7014409135218680744, guid: 86548b6b907bc1f448a2b6297bbfd8f3, type: 3}
      propertyPath: m_LocalPosition.x
      value: 0.87
      objectReference: {fileID: 0}
    - target: {fileID: 7014409135218680744, guid: 86548b6b907bc1f448a2b6297bbfd8f3, type: 3}
      propertyPath: m_LocalPosition.y
      value: 1.05
      objectReference: {fileID: 0}
    - target: {fileID: 7014409135218680744, guid: 86548b6b907bc1f448a2b6297bbfd8f3, type: 3}
      propertyPath: m_LocalPosition.z
      value: 0
      objectReference: {fileID: 0}
    - target: {fileID: 7014409135218680744, guid: 86548b6b907bc1f448a2b6297bbfd8f3, type: 3}
      propertyPath: m_LocalRotation.w
      value: 0.7071068
      objectReference: {fileID: 0}
    - target: {fileID: 7014409135218680744, guid: 86548b6b907bc1f448a2b6297bbfd8f3, type: 3}
      propertyPath: m_LocalRotation.x
      value: 0
      objectReference: {fileID: 0}
    - target: {fileID: 7014409135218680744, guid: 86548b6b907bc1f448a2b6297bbfd8f3, type: 3}
      propertyPath: m_LocalRotation.y
      value: 0
      objectReference: {fileID: 0}
    - target: {fileID: 7014409135218680744, guid: 86548b6b907bc1f448a2b6297bbfd8f3, type: 3}
      propertyPath: m_LocalRotation.z
      value: 0.7071068
      objectReference: {fileID: 0}
    - target: {fileID: 7014409135218680744, guid: 86548b6b907bc1f448a2b6297bbfd8f3, type: 3}
      propertyPath: m_LocalEulerAnglesHint.x
      value: 0
      objectReference: {fileID: 0}
    - target: {fileID: 7014409135218680744, guid: 86548b6b907bc1f448a2b6297bbfd8f3, type: 3}
      propertyPath: m_LocalEulerAnglesHint.y
      value: 0
      objectReference: {fileID: 0}
    - target: {fileID: 7014409135218680744, guid: 86548b6b907bc1f448a2b6297bbfd8f3, type: 3}
      propertyPath: m_LocalEulerAnglesHint.z
      value: 90
      objectReference: {fileID: 0}
    - target: {fileID: 7014409135218680745, guid: 86548b6b907bc1f448a2b6297bbfd8f3, type: 3}
      propertyPath: m_Name
      value: Wood (3)
      objectReference: {fileID: 0}
    m_RemovedComponents: []
  m_SourcePrefab: {fileID: 100100000, guid: 86548b6b907bc1f448a2b6297bbfd8f3, type: 3}
--- !u!4 &7121827906032997268 stripped
Transform:
  m_CorrespondingSourceObject: {fileID: 7014409135218680744, guid: 86548b6b907bc1f448a2b6297bbfd8f3, type: 3}
  m_PrefabInstance: {fileID: 256141466843836476}
  m_PrefabAsset: {fileID: 0}
--- !u!1001 &2936340779539469469
PrefabInstance:
  m_ObjectHideFlags: 0
  serializedVersion: 2
  m_Modification:
    m_TransformParent: {fileID: 2046721174299235593}
    m_Modifications:
    - target: {fileID: 7014409135218680744, guid: 86548b6b907bc1f448a2b6297bbfd8f3, type: 3}
      propertyPath: m_RootOrder
      value: 6
      objectReference: {fileID: 0}
    - target: {fileID: 7014409135218680744, guid: 86548b6b907bc1f448a2b6297bbfd8f3, type: 3}
      propertyPath: m_LocalPosition.x
      value: -1.37
      objectReference: {fileID: 0}
    - target: {fileID: 7014409135218680744, guid: 86548b6b907bc1f448a2b6297bbfd8f3, type: 3}
      propertyPath: m_LocalPosition.y
      value: 0
      objectReference: {fileID: 0}
    - target: {fileID: 7014409135218680744, guid: 86548b6b907bc1f448a2b6297bbfd8f3, type: 3}
      propertyPath: m_LocalPosition.z
      value: 0
      objectReference: {fileID: 0}
    - target: {fileID: 7014409135218680744, guid: 86548b6b907bc1f448a2b6297bbfd8f3, type: 3}
      propertyPath: m_LocalRotation.w
      value: 1
      objectReference: {fileID: 0}
    - target: {fileID: 7014409135218680744, guid: 86548b6b907bc1f448a2b6297bbfd8f3, type: 3}
      propertyPath: m_LocalRotation.x
      value: 0
      objectReference: {fileID: 0}
    - target: {fileID: 7014409135218680744, guid: 86548b6b907bc1f448a2b6297bbfd8f3, type: 3}
      propertyPath: m_LocalRotation.y
      value: 0
      objectReference: {fileID: 0}
    - target: {fileID: 7014409135218680744, guid: 86548b6b907bc1f448a2b6297bbfd8f3, type: 3}
      propertyPath: m_LocalRotation.z
      value: 0
      objectReference: {fileID: 0}
    - target: {fileID: 7014409135218680744, guid: 86548b6b907bc1f448a2b6297bbfd8f3, type: 3}
      propertyPath: m_LocalEulerAnglesHint.x
      value: 0
      objectReference: {fileID: 0}
    - target: {fileID: 7014409135218680744, guid: 86548b6b907bc1f448a2b6297bbfd8f3, type: 3}
      propertyPath: m_LocalEulerAnglesHint.y
      value: 0
      objectReference: {fileID: 0}
    - target: {fileID: 7014409135218680744, guid: 86548b6b907bc1f448a2b6297bbfd8f3, type: 3}
      propertyPath: m_LocalEulerAnglesHint.z
      value: 0
      objectReference: {fileID: 0}
    - target: {fileID: 7014409135218680745, guid: 86548b6b907bc1f448a2b6297bbfd8f3, type: 3}
      propertyPath: m_Name
      value: Wood (2)
      objectReference: {fileID: 0}
    m_RemovedComponents: []
  m_SourcePrefab: {fileID: 100100000, guid: 86548b6b907bc1f448a2b6297bbfd8f3, type: 3}
--- !u!4 &5325459900485564213 stripped
Transform:
  m_CorrespondingSourceObject: {fileID: 7014409135218680744, guid: 86548b6b907bc1f448a2b6297bbfd8f3, type: 3}
  m_PrefabInstance: {fileID: 2936340779539469469}
  m_PrefabAsset: {fileID: 0}
--- !u!1001 &3420985988198191370
PrefabInstance:
  m_ObjectHideFlags: 0
  serializedVersion: 2
  m_Modification:
    m_TransformParent: {fileID: 2046721174299235593}
    m_Modifications:
    - target: {fileID: 7014409135218680744, guid: 86548b6b907bc1f448a2b6297bbfd8f3, type: 3}
      propertyPath: m_RootOrder
      value: 3
      objectReference: {fileID: 0}
    - target: {fileID: 7014409135218680744, guid: 86548b6b907bc1f448a2b6297bbfd8f3, type: 3}
      propertyPath: m_LocalPosition.x
      value: 0
      objectReference: {fileID: 0}
    - target: {fileID: 7014409135218680744, guid: 86548b6b907bc1f448a2b6297bbfd8f3, type: 3}
      propertyPath: m_LocalPosition.y
      value: 2.1
      objectReference: {fileID: 0}
    - target: {fileID: 7014409135218680744, guid: 86548b6b907bc1f448a2b6297bbfd8f3, type: 3}
      propertyPath: m_LocalPosition.z
      value: 0
      objectReference: {fileID: 0}
    - target: {fileID: 7014409135218680744, guid: 86548b6b907bc1f448a2b6297bbfd8f3, type: 3}
      propertyPath: m_LocalRotation.w
      value: 1
      objectReference: {fileID: 0}
    - target: {fileID: 7014409135218680744, guid: 86548b6b907bc1f448a2b6297bbfd8f3, type: 3}
      propertyPath: m_LocalRotation.x
      value: 0
      objectReference: {fileID: 0}
    - target: {fileID: 7014409135218680744, guid: 86548b6b907bc1f448a2b6297bbfd8f3, type: 3}
      propertyPath: m_LocalRotation.y
      value: 0
      objectReference: {fileID: 0}
    - target: {fileID: 7014409135218680744, guid: 86548b6b907bc1f448a2b6297bbfd8f3, type: 3}
      propertyPath: m_LocalRotation.z
      value: 0
      objectReference: {fileID: 0}
    - target: {fileID: 7014409135218680744, guid: 86548b6b907bc1f448a2b6297bbfd8f3, type: 3}
      propertyPath: m_LocalEulerAnglesHint.x
      value: 0
      objectReference: {fileID: 0}
    - target: {fileID: 7014409135218680744, guid: 86548b6b907bc1f448a2b6297bbfd8f3, type: 3}
      propertyPath: m_LocalEulerAnglesHint.y
      value: 0
      objectReference: {fileID: 0}
    - target: {fileID: 7014409135218680744, guid: 86548b6b907bc1f448a2b6297bbfd8f3, type: 3}
      propertyPath: m_LocalEulerAnglesHint.z
      value: 0
      objectReference: {fileID: 0}
    - target: {fileID: 7014409135218680745, guid: 86548b6b907bc1f448a2b6297bbfd8f3, type: 3}
      propertyPath: m_Name
      value: Wood (6)
      objectReference: {fileID: 0}
    m_RemovedComponents: []
  m_SourcePrefab: {fileID: 100100000, guid: 86548b6b907bc1f448a2b6297bbfd8f3, type: 3}
--- !u!4 &5630035341547319970 stripped
Transform:
  m_CorrespondingSourceObject: {fileID: 7014409135218680744, guid: 86548b6b907bc1f448a2b6297bbfd8f3, type: 3}
  m_PrefabInstance: {fileID: 3420985988198191370}
  m_PrefabAsset: {fileID: 0}
--- !u!1001 &3690742595293275720
PrefabInstance:
  m_ObjectHideFlags: 0
  serializedVersion: 2
  m_Modification:
    m_TransformParent: {fileID: 2046721174299235593}
    m_Modifications:
    - target: {fileID: 7014409135218680744, guid: 86548b6b907bc1f448a2b6297bbfd8f3, type: 3}
      propertyPath: m_RootOrder
      value: 4
      objectReference: {fileID: 0}
    - target: {fileID: 7014409135218680744, guid: 86548b6b907bc1f448a2b6297bbfd8f3, type: 3}
      propertyPath: m_LocalPosition.x
      value: 1.52
      objectReference: {fileID: 0}
    - target: {fileID: 7014409135218680744, guid: 86548b6b907bc1f448a2b6297bbfd8f3, type: 3}
      propertyPath: m_LocalPosition.y
      value: 2.1
      objectReference: {fileID: 0}
    - target: {fileID: 7014409135218680744, guid: 86548b6b907bc1f448a2b6297bbfd8f3, type: 3}
      propertyPath: m_LocalPosition.z
      value: 0
      objectReference: {fileID: 0}
    - target: {fileID: 7014409135218680744, guid: 86548b6b907bc1f448a2b6297bbfd8f3, type: 3}
      propertyPath: m_LocalRotation.w
      value: 1
      objectReference: {fileID: 0}
    - target: {fileID: 7014409135218680744, guid: 86548b6b907bc1f448a2b6297bbfd8f3, type: 3}
      propertyPath: m_LocalRotation.x
      value: 0
      objectReference: {fileID: 0}
    - target: {fileID: 7014409135218680744, guid: 86548b6b907bc1f448a2b6297bbfd8f3, type: 3}
      propertyPath: m_LocalRotation.y
      value: 0
      objectReference: {fileID: 0}
    - target: {fileID: 7014409135218680744, guid: 86548b6b907bc1f448a2b6297bbfd8f3, type: 3}
      propertyPath: m_LocalRotation.z
      value: 0
      objectReference: {fileID: 0}
    - target: {fileID: 7014409135218680744, guid: 86548b6b907bc1f448a2b6297bbfd8f3, type: 3}
      propertyPath: m_LocalEulerAnglesHint.x
      value: 0
      objectReference: {fileID: 0}
    - target: {fileID: 7014409135218680744, guid: 86548b6b907bc1f448a2b6297bbfd8f3, type: 3}
      propertyPath: m_LocalEulerAnglesHint.y
      value: 0
      objectReference: {fileID: 0}
    - target: {fileID: 7014409135218680744, guid: 86548b6b907bc1f448a2b6297bbfd8f3, type: 3}
      propertyPath: m_LocalEulerAnglesHint.z
      value: 0
      objectReference: {fileID: 0}
    - target: {fileID: 7014409135218680745, guid: 86548b6b907bc1f448a2b6297bbfd8f3, type: 3}
      propertyPath: m_Name
      value: Wood (7)
      objectReference: {fileID: 0}
    m_RemovedComponents: []
  m_SourcePrefab: {fileID: 100100000, guid: 86548b6b907bc1f448a2b6297bbfd8f3, type: 3}
--- !u!4 &5935754375341082080 stripped
Transform:
  m_CorrespondingSourceObject: {fileID: 7014409135218680744, guid: 86548b6b907bc1f448a2b6297bbfd8f3, type: 3}
  m_PrefabInstance: {fileID: 3690742595293275720}
  m_PrefabAsset: {fileID: 0}
--- !u!1001 &5501441638190714804
PrefabInstance:
  m_ObjectHideFlags: 0
  serializedVersion: 2
  m_Modification:
    m_TransformParent: {fileID: 2046721174299235593}
    m_Modifications:
    - target: {fileID: 7014409135218680744, guid: 86548b6b907bc1f448a2b6297bbfd8f3, type: 3}
      propertyPath: m_RootOrder
      value: 7
      objectReference: {fileID: 0}
    - target: {fileID: 7014409135218680744, guid: 86548b6b907bc1f448a2b6297bbfd8f3, type: 3}
      propertyPath: m_LocalPosition.x
      value: -0.8
      objectReference: {fileID: 0}
    - target: {fileID: 7014409135218680744, guid: 86548b6b907bc1f448a2b6297bbfd8f3, type: 3}
      propertyPath: m_LocalPosition.y
      value: 1.05
      objectReference: {fileID: 0}
    - target: {fileID: 7014409135218680744, guid: 86548b6b907bc1f448a2b6297bbfd8f3, type: 3}
      propertyPath: m_LocalPosition.z
      value: 0
      objectReference: {fileID: 0}
    - target: {fileID: 7014409135218680744, guid: 86548b6b907bc1f448a2b6297bbfd8f3, type: 3}
      propertyPath: m_LocalRotation.w
      value: 0.7071068
      objectReference: {fileID: 0}
    - target: {fileID: 7014409135218680744, guid: 86548b6b907bc1f448a2b6297bbfd8f3, type: 3}
      propertyPath: m_LocalRotation.x
      value: 0
      objectReference: {fileID: 0}
    - target: {fileID: 7014409135218680744, guid: 86548b6b907bc1f448a2b6297bbfd8f3, type: 3}
      propertyPath: m_LocalRotation.y
      value: 0
      objectReference: {fileID: 0}
    - target: {fileID: 7014409135218680744, guid: 86548b6b907bc1f448a2b6297bbfd8f3, type: 3}
      propertyPath: m_LocalRotation.z
      value: 0.7071068
      objectReference: {fileID: 0}
    - target: {fileID: 7014409135218680744, guid: 86548b6b907bc1f448a2b6297bbfd8f3, type: 3}
      propertyPath: m_LocalEulerAnglesHint.x
      value: 0
      objectReference: {fileID: 0}
    - target: {fileID: 7014409135218680744, guid: 86548b6b907bc1f448a2b6297bbfd8f3, type: 3}
      propertyPath: m_LocalEulerAnglesHint.y
      value: 0
      objectReference: {fileID: 0}
    - target: {fileID: 7014409135218680744, guid: 86548b6b907bc1f448a2b6297bbfd8f3, type: 3}
      propertyPath: m_LocalEulerAnglesHint.z
      value: 90
      objectReference: {fileID: 0}
    - target: {fileID: 7014409135218680745, guid: 86548b6b907bc1f448a2b6297bbfd8f3, type: 3}
      propertyPath: m_Name
      value: Wood (4)
      objectReference: {fileID: 0}
    m_RemovedComponents: []
  m_SourcePrefab: {fileID: 100100000, guid: 86548b6b907bc1f448a2b6297bbfd8f3, type: 3}
--- !u!4 &3242912739325144092 stripped
Transform:
  m_CorrespondingSourceObject: {fileID: 7014409135218680744, guid: 86548b6b907bc1f448a2b6297bbfd8f3, type: 3}
  m_PrefabInstance: {fileID: 5501441638190714804}
  m_PrefabAsset: {fileID: 0}
--- !u!1001 &7075700086614914006
PrefabInstance:
  m_ObjectHideFlags: 0
  serializedVersion: 2
  m_Modification:
    m_TransformParent: {fileID: 2046721174299235593}
    m_Modifications:
    - target: {fileID: 7014409135218680744, guid: 86548b6b907bc1f448a2b6297bbfd8f3, type: 3}
      propertyPath: m_RootOrder
      value: 0
      objectReference: {fileID: 0}
    - target: {fileID: 7014409135218680744, guid: 86548b6b907bc1f448a2b6297bbfd8f3, type: 3}
      propertyPath: m_LocalPosition.x
      value: 0
      objectReference: {fileID: 0}
    - target: {fileID: 7014409135218680744, guid: 86548b6b907bc1f448a2b6297bbfd8f3, type: 3}
      propertyPath: m_LocalPosition.y
      value: 0
      objectReference: {fileID: 0}
    - target: {fileID: 7014409135218680744, guid: 86548b6b907bc1f448a2b6297bbfd8f3, type: 3}
      propertyPath: m_LocalPosition.z
      value: 0
      objectReference: {fileID: 0}
    - target: {fileID: 7014409135218680744, guid: 86548b6b907bc1f448a2b6297bbfd8f3, type: 3}
      propertyPath: m_LocalRotation.w
      value: 1
      objectReference: {fileID: 0}
    - target: {fileID: 7014409135218680744, guid: 86548b6b907bc1f448a2b6297bbfd8f3, type: 3}
      propertyPath: m_LocalRotation.x
      value: 0
      objectReference: {fileID: 0}
    - target: {fileID: 7014409135218680744, guid: 86548b6b907bc1f448a2b6297bbfd8f3, type: 3}
      propertyPath: m_LocalRotation.y
      value: 0
      objectReference: {fileID: 0}
    - target: {fileID: 7014409135218680744, guid: 86548b6b907bc1f448a2b6297bbfd8f3, type: 3}
      propertyPath: m_LocalRotation.z
      value: 0
      objectReference: {fileID: 0}
    - target: {fileID: 7014409135218680744, guid: 86548b6b907bc1f448a2b6297bbfd8f3, type: 3}
      propertyPath: m_LocalEulerAnglesHint.x
      value: 0
      objectReference: {fileID: 0}
    - target: {fileID: 7014409135218680744, guid: 86548b6b907bc1f448a2b6297bbfd8f3, type: 3}
      propertyPath: m_LocalEulerAnglesHint.y
      value: 0
      objectReference: {fileID: 0}
    - target: {fileID: 7014409135218680744, guid: 86548b6b907bc1f448a2b6297bbfd8f3, type: 3}
      propertyPath: m_LocalEulerAnglesHint.z
      value: 0
      objectReference: {fileID: 0}
    - target: {fileID: 7014409135218680745, guid: 86548b6b907bc1f448a2b6297bbfd8f3, type: 3}
      propertyPath: m_Name
      value: Wood
      objectReference: {fileID: 0}
    m_RemovedComponents: []
  m_SourcePrefab: {fileID: 100100000, guid: 86548b6b907bc1f448a2b6297bbfd8f3, type: 3}
--- !u!4 &245939090440523902 stripped
Transform:
  m_CorrespondingSourceObject: {fileID: 7014409135218680744, guid: 86548b6b907bc1f448a2b6297bbfd8f3, type: 3}
  m_PrefabInstance: {fileID: 7075700086614914006}
  m_PrefabAsset: {fileID: 0}
--- !u!1001 &7336934030624236204
PrefabInstance:
  m_ObjectHideFlags: 0
  serializedVersion: 2
  m_Modification:
    m_TransformParent: {fileID: 2046721174299235593}
    m_Modifications:
    - target: {fileID: 7014409135218680744, guid: 86548b6b907bc1f448a2b6297bbfd8f3, type: 3}
      propertyPath: m_RootOrder
      value: 1
      objectReference: {fileID: 0}
    - target: {fileID: 7014409135218680744, guid: 86548b6b907bc1f448a2b6297bbfd8f3, type: 3}
      propertyPath: m_LocalPosition.x
      value: 1.57
      objectReference: {fileID: 0}
    - target: {fileID: 7014409135218680744, guid: 86548b6b907bc1f448a2b6297bbfd8f3, type: 3}
      propertyPath: m_LocalPosition.y
      value: 0
      objectReference: {fileID: 0}
    - target: {fileID: 7014409135218680744, guid: 86548b6b907bc1f448a2b6297bbfd8f3, type: 3}
      propertyPath: m_LocalPosition.z
      value: 0
      objectReference: {fileID: 0}
    - target: {fileID: 7014409135218680744, guid: 86548b6b907bc1f448a2b6297bbfd8f3, type: 3}
      propertyPath: m_LocalRotation.w
      value: 1
      objectReference: {fileID: 0}
    - target: {fileID: 7014409135218680744, guid: 86548b6b907bc1f448a2b6297bbfd8f3, type: 3}
      propertyPath: m_LocalRotation.x
      value: 0
      objectReference: {fileID: 0}
    - target: {fileID: 7014409135218680744, guid: 86548b6b907bc1f448a2b6297bbfd8f3, type: 3}
      propertyPath: m_LocalRotation.y
      value: 0
      objectReference: {fileID: 0}
    - target: {fileID: 7014409135218680744, guid: 86548b6b907bc1f448a2b6297bbfd8f3, type: 3}
      propertyPath: m_LocalRotation.z
      value: 0
      objectReference: {fileID: 0}
    - target: {fileID: 7014409135218680744, guid: 86548b6b907bc1f448a2b6297bbfd8f3, type: 3}
      propertyPath: m_LocalEulerAnglesHint.x
      value: 0
      objectReference: {fileID: 0}
    - target: {fileID: 7014409135218680744, guid: 86548b6b907bc1f448a2b6297bbfd8f3, type: 3}
      propertyPath: m_LocalEulerAnglesHint.y
      value: 0
      objectReference: {fileID: 0}
    - target: {fileID: 7014409135218680744, guid: 86548b6b907bc1f448a2b6297bbfd8f3, type: 3}
      propertyPath: m_LocalEulerAnglesHint.z
      value: 0
      objectReference: {fileID: 0}
    - target: {fileID: 7014409135218680745, guid: 86548b6b907bc1f448a2b6297bbfd8f3, type: 3}
      propertyPath: m_Name
      value: Wood (1)
      objectReference: {fileID: 0}
    m_RemovedComponents: []
  m_SourcePrefab: {fileID: 100100000, guid: 86548b6b907bc1f448a2b6297bbfd8f3, type: 3}
--- !u!4 &327119350909878532 stripped
Transform:
  m_CorrespondingSourceObject: {fileID: 7014409135218680744, guid: 86548b6b907bc1f448a2b6297bbfd8f3, type: 3}
  m_PrefabInstance: {fileID: 7336934030624236204}
  m_PrefabAsset: {fileID: 0}
--- !u!1001 &8252987085038899856
PrefabInstance:
  m_ObjectHideFlags: 0
  serializedVersion: 2
  m_Modification:
    m_TransformParent: {fileID: 2046721174299235593}
    m_Modifications:
    - target: {fileID: 7014409135218680744, guid: 86548b6b907bc1f448a2b6297bbfd8f3, type: 3}
      propertyPath: m_RootOrder
      value: 5
      objectReference: {fileID: 0}
    - target: {fileID: 7014409135218680744, guid: 86548b6b907bc1f448a2b6297bbfd8f3, type: 3}
      propertyPath: m_LocalPosition.x
      value: 0.79
      objectReference: {fileID: 0}
    - target: {fileID: 7014409135218680744, guid: 86548b6b907bc1f448a2b6297bbfd8f3, type: 3}
      propertyPath: m_LocalPosition.y
      value: 3.13
      objectReference: {fileID: 0}
    - target: {fileID: 7014409135218680744, guid: 86548b6b907bc1f448a2b6297bbfd8f3, type: 3}
      propertyPath: m_LocalPosition.z
      value: 0
      objectReference: {fileID: 0}
    - target: {fileID: 7014409135218680744, guid: 86548b6b907bc1f448a2b6297bbfd8f3, type: 3}
      propertyPath: m_LocalRotation.w
      value: 0.7071068
      objectReference: {fileID: 0}
    - target: {fileID: 7014409135218680744, guid: 86548b6b907bc1f448a2b6297bbfd8f3, type: 3}
      propertyPath: m_LocalRotation.x
      value: 0
      objectReference: {fileID: 0}
    - target: {fileID: 7014409135218680744, guid: 86548b6b907bc1f448a2b6297bbfd8f3, type: 3}
      propertyPath: m_LocalRotation.y
      value: 0
      objectReference: {fileID: 0}
    - target: {fileID: 7014409135218680744, guid: 86548b6b907bc1f448a2b6297bbfd8f3, type: 3}
      propertyPath: m_LocalRotation.z
      value: 0.7071068
      objectReference: {fileID: 0}
    - target: {fileID: 7014409135218680744, guid: 86548b6b907bc1f448a2b6297bbfd8f3, type: 3}
      propertyPath: m_LocalEulerAnglesHint.x
      value: 0
      objectReference: {fileID: 0}
    - target: {fileID: 7014409135218680744, guid: 86548b6b907bc1f448a2b6297bbfd8f3, type: 3}
      propertyPath: m_LocalEulerAnglesHint.y
      value: 0
      objectReference: {fileID: 0}
    - target: {fileID: 7014409135218680744, guid: 86548b6b907bc1f448a2b6297bbfd8f3, type: 3}
      propertyPath: m_LocalEulerAnglesHint.z
      value: 90
      objectReference: {fileID: 0}
    - target: {fileID: 7014409135218680745, guid: 86548b6b907bc1f448a2b6297bbfd8f3, type: 3}
      propertyPath: m_Name
      value: Wood (8)
      objectReference: {fileID: 0}
    m_RemovedComponents: []
  m_SourcePrefab: {fileID: 100100000, guid: 86548b6b907bc1f448a2b6297bbfd8f3, type: 3}
--- !u!4 &1427834556703551800 stripped
Transform:
  m_CorrespondingSourceObject: {fileID: 7014409135218680744, guid: 86548b6b907bc1f448a2b6297bbfd8f3, type: 3}
  m_PrefabInstance: {fileID: 8252987085038899856}
  m_PrefabAsset: {fileID: 0}
